
@online{CERN_official,
  title = {CERN official webpage},
  year = 2018,
  url = {https://home.cern/},
  urldate = {2018-07}
}

@online{CERN_higgs,
  title = {CERN Higgs discovery},
  year = 2018,
  url = {https://home.cern/topics/higgs-boson},
  urldate = {2018-07}
}

@article{aad2008atlas,
  title={The ATLAS experiment at the CERN large hadron collider},
  author={Aad, Georges and Butterworth, JM and Thion, J and Bratzler, U and Ratoff, PN and Nickerson, RB and Seixas, JM and Grabowska-Bold, I and Meisel, F and Lokwitz, S and others},
  journal={Jinst},
  volume={3},
  pages={S08003},
  year={2008}
}


@online{TheLHCmadesimple,
  title = {The LHC made simple},
  year = 2015,
  author={Ethan Siegel for medium.com},
  url = {https://medium.com/starts-with-a-bang/the-lhc-made-simple-5614a2585f09},
  urldate = {2018-07}
}

@online{TheLHCmadesimplefreequarks,
  title = {The LHC made simple},
  year = 2014,
  author={Ethan Siegel for medium.com},
  url = {https://medium.com/starts-with-a-bang/there-are-no-free-quarks-ddec8cb831ea},
  urldate = {2018-07}
}

@online{jetalltheway,
  title = {When you’re a jet, you’re a jet all the way},
  year = 2011,
  author={Flip Tanedo for quantumdiaries.org},
  url = {https://www.quantumdiaries.org/2011/04/22/when-youre-a-jet-youre-a-jet-all-the-way/},
  urldate = {2018-07}
}

@online{jets,
  title = {Jets: The Manifestation of Quarks and Gluons},
  year = 2011,
  author={Matt Strassler for profmattstrassler.com},
  url = {https://profmattstrassler.com/articles-and-posts/particle-physics-basics/the-known-apparently-elementary-particles/jets-the-manifestation-of-quarks-and-gluons/},
  urldate = {2018-07}
}


@online{boosted,
  title = {boost},
  year = 2012,
  author={Marcel Vos},
   Publisher = {Instituto de Física Corpuscular - UV},
  url = {http://ific.uv.es/~vos/Atlas/Boost/},
  urldate = {2018-07}
}

@inproceedings{atkin2015review,
  title={Review of jet reconstruction algorithms},
  author={Atkin, Ryan},
  booktitle={Journal of Physics: Conference Series},
  volume={645},
  number={1},
  pages={012008},
  year={2015},
  organization={IOP Publishing}
}

@article{hodgkinson2008missing,
  title={Missing ET Performance in ATLAS},
  author={Hodgkinson, Mark},
  journal={arXiv preprint arXiv:0810.0181},
  year={2008}
}

@misc{JetReconstructionAlgorithms,
  Author = {Ryan Atkin},
  Institution = {University of KwaZulu-Natal, CERN},
  Howpublished = {University Lecture},
  Year = {2015},
  Title = {Introduction to Jet Reconstruction Algorithms}
}

@article{ccetin2012jet,
  title={Jet mass and substructure of inclusive jets in root s= 7 TeV pp collisions with the ATLAS experiment},
  author={{\c{C}}etin, Serkant Ali and ATLAS Collaboration and others},
  year={2012},
  publisher={Springer}
}

@online{lectured2,
  title = {D2},
  year = 2015,
  author={Ian Moult},
   Publisher = {Massachusetts Institute of Technology},
  url = {https://indico.fnal.gov/event/9397/session/6/contribution/35/material/slides/0.pdf},
  urldate = {2018-07}
}


@online{fastjet_site,
  title = {Official Fastjet},
 url = {http://www.fastjet.fr/},
  urldate = {2018-07}
}


@online{algorithms_irc,
  title = {Jet algorithms},
  year = 2008,
  author={Gavin P. Salam},
   Publisher = {CMS JetMet meeting CERN, Geneva},
  url = {https://gsalam.web.cern.ch/gsalam/talks/repo/2008-cms-jets.pdf},
  urldate = {2018-07}
}



@article{cacciari2012fastjet,
  title={FastJet user manual},
  author={Cacciari, Matteo and Salam, Gavin P and Soyez, Gregory},
  journal={The European Physical Journal C},
  volume={72},
  number={3},
  pages={1896},
  year={2012},
  publisher={Springer}
}

@misc{fjcontrib,
  title = {FastJet Contributions Website},
  howpublished = {\url{https://fastjet.hepforge.org/contrib/}},
  note = {2018-07}
}

@online{cirrus,
  title = {Cirrus Hardware},
  url = {http://www.cirrus.ac.uk/about/hardware.html},
  urldate = {2018-07}
}

@online{ARCHER,
  title = {Archer Hardware},
  url = {http://www.archer.ac.uk/about-archer/hardware/},
  urldate = {2018-07}
}

@online{craypat,
  title = {CrayPat},
  url = {https://pubs.cray.com/content/S-2376/7.0.0/cray-performance-measurement-and-analysis-tools-user-guide},
  urldate = {2018-08}
}

@online{gperf,
  title = {gperf tools},
  url = {https://github.com/gperftools/gperftools},
  urldate = {2018-08}
}

@article{kurtzer2017singularity,
  title={Singularity: Scientific containers for mobility of compute},
  author={Kurtzer, Gregory M and Sochat, Vanessa and Bauer, Michael W},
  journal={PloS one},
  volume={12},
  number={5},
  pages={e0177459},
  year={2017},
  publisher={Public Library of Science}
}

@article{malladi2009using,
  title={Using Intel{\textregistered} VTune™ Performance Analyzer Events/Ratios \& Optimizing Applications},
  author={Malladi, Rama Kishan},
  journal={http:/software. intel. com},
  year={2009}
}

@article{forster2017parallel,
  title={Parallel kt jet clustering algorithm},
  author={Forster, Rich{\'a}rd and F{\H{u}}l{\H{o}}p, {\'A}gnes},
  journal={Acta Universitatis Sapientiae, Informatica},
  volume={9},
  number={1},
  pages={49--64},
  year={2017},
  publisher={De Gruyter Open}
}


@BOOK{ch7nn,
  TITLE = {Learning From Data, e-Chapter 7: "Neural networks,"},
  AUTHOR = {Yaser Abu-Mostafa, Malik Magdon-Ismail and Hsuan-Tien Lin.},
  YEAR = {2012},
  PUBLISHER = {Amlbook.com},
}

@online{nnarticle1,
  title = {Neural networks made easy},
  year = 2017,
  author={Ophir Tanz, Cambron Carter},
   Publisher = {Techcrunch.com},
  url = {https://techcrunch.com/2017/04/13/neural-networks-made-easy/},
  urldate = {2018-07}
}


@online{nnarticle2,
  title = {The Introduction to Neural Networks we all need !},
  year = 2016,
  author={Harsh Pokharna},
   Publisher = {medium.com},
  url = {https://medium.com/technologymadeeasy/for-dummies-the-introduction-to-neural-networks-we-all-need-c50f6012d5eb},
  urldate = {2018-07}
}

@online{nnarticle3,
  title = {Deep Learning Tutorial},
  author={ Andrew Ng, Jiquan Ngiam},
   Publisher = {stanford.edu},
  url = {http://ufldl.stanford.edu/tutorial/supervised/MultiLayerNeuralNetworks/},
  urldate = {2018-07}
}

@inproceedings{goodfellow2014generative,
  title={Generative adversarial nets},
  author={Goodfellow, Ian and Pouget-Abadie, Jean and Mirza, Mehdi and Xu, Bing and Warde-Farley, David and Ozair, Sherjil and Courville, Aaron and Bengio, Yoshua},
  booktitle={Advances in neural information processing systems},
  pages={2672--2680},
  year={2014}
}

@article{shimmin2017decorrelated,
  title={Decorrelated jet substructure tagging using adversarial neural networks},
  author={Shimmin, Chase and Sadowski, Peter and Baldi, Pierre and Weik, Edison and Whiteson, Daniel and Goul, Edward and S{\o}gaard, Andreas},
  journal={Physical Review D},
  volume={96},
  number={7},
  pages={074034},
  year={2017},
  publisher={APS}
}

@article{keskar2016large,
  title={On large-batch training for deep learning: Generalization gap and sharp minima},
  author={Keskar, Nitish Shirish and Mudigere, Dheevatsa and Nocedal, Jorge and Smelyanskiy, Mikhail and Tang, Ping Tak Peter},
  journal={arXiv preprint arXiv:1609.04836},
  year={2016}
}


@online{keras,
  title = {Keras},
  url = {https://keras.io/},
  urldate = {2018-07}
}

@online{keras2,
  title = {Keras exmple},
  url = {https://machinelearningmastery.com/tutorial-first-neural-network-python-keras/},
  urldate = {2018-07}
}



@misc{anngit,
  title = {Git repository of the jet substructure adversarial neural network},
  howpublished = {\url{https://github.com/asogaard/adversarial}},
}

@online{jade1,
  title = {JADE hardware},
  url = {http://docs.jade.ac.uk/en/latest/},
  urldate = {2018-07}
}

@online{nvprof,
  title = {Nv prof documentation},
  url = {https://docs.nvidia.com/cuda/profiler-users-guide/index.html},
  urldate = {2018-07}
}

https://docs.nvidia.com/cuda/profiler-users-guide/index.html